% This file was created with JabRef 2.8.1.
% Encoding: Cp1252
@INPROCEEDINGS{bastianelli:unitor,
  author = {Bastianelli, Emanuele and Croce, Danilo and Basili, Roberto and Nardi,
	Daniele},
  title = {UNITOR-HMM-TK: Structured Kernel-based learning for Spatial Role
	Labeling},
  booktitle = {Proceedings of the Seventh International Workshop on Semantic Evaluation
	(SemEval 2013). Association for Computational Linguistics},
  year = {2013}
}

@ARTICLE{Bateman:language,
  author = {Bateman, John A.},
  title = {Language and Space: A two-level semantic approach based onÂ principles
	of ontological engineering},
  journal = {International Journal of Speech Technology},
  year = {2010},
  volume = {13},
  pages = {29--48},
  number = {1},
  doi = {10.1007/s10772-010-9069-x},
  issn = {1381-2416},
  keywords = {Spatial language; Spatial assistance; Spatial dialogue systems; Ontology;
	Knowledge representation; Natural language processing},
  language = {English},
  publisher = {Springer US},
  url = {http://dx.doi.org/10.1007/s10772-010-9069-x}
}

@ARTICLE{Bateman:ontology,
  author = {Bateman, John A. and Hois, Joana and Ross, Robert and Tenbrink, Thora},
  title = {A linguistic ontology of space for natural language processing},
  journal = {Artificial Intelligence},
  year = {2010},
  volume = {174},
  pages = {1027--1071},
  number = {14},
  acmid = {1837598},
  address = {Essex, UK},
  doi = {10.1016/j.artint.2010.05.008},
  issn = {0004-3702},
  issue_date = {September, 2010},
  keywords = {Linguistic ontology, Natural language semantics, Space, Spatial knowledge,
	Spatial language},
  numpages = {45},
  publisher = {Elsevier Science Publishers Ltd.},
  url = {http://dx.doi.org/10.1016/j.artint.2010.05.008}
}

@ARTICLE{Bateman:data,
  author = {Bateman, John and Tenbrink, Thora and Farrar, Scott},
  title = {The role of conceptual and linguistic ontologies in interpreting
	spatial discourse},
  journal = {Discourse Processes},
  year = {2007},
  volume = {44},
  pages = {175--212},
  number = {3},
  publisher = {Taylor \& Francis}
}

@INCOLLECTION{daniel:modes,
  author = {Daniel, Marie-Paule and Carite, Luc and Denis, Michel},
  title = {Modes of Linearization in the Description of Spatial Configurations},
  booktitle = {The Construction of Cognitive Maps},
  publisher = {Kluwer Academic},
  year = {1996},
  editor = {Portugali, Juval},
  volume = {32},
  series = {GeoJournal Library},
  pages = {297--318},
  address = {Dordrecht},
  timestamp = {2013.08.29}
}

@INPROCEEDINGS{CLEF:data,
  author = {Grubinger, Michael and Clough, Paul and M{\"u}ller, Henning and Deselaers,
	Thomas},
  title = {The {IAPR TC}-12 benchmark: A new evaluation resource for visual
	information systems},
  booktitle = {Proceedings of the International Workshop OntoImage 2006 -- Language
	Resources for Content Based Image Retrieval},
  year = {2006},
  pages = {13--23}
}

@ARTICLE{herskovits:pragmatics,
  author = {Herskovits, Annette},
  title = {Semantics and pragmatics of locative expressions},
  journal = {Cognitive Science},
  year = {1985},
  volume = {9},
  pages = {341--378},
  number = {3},
  publisher = {Elsevier}
}

@PHDTHESIS{kelleher:perceptually,
  author = {Kelleher, John D.},
  title = {A perceptually based computational framework for the interpretation
	of spatial language},
  school = {Dublin City University},
  year = {2003}
}

@INPROCEEDINGS{klein:accurate,
  author = {Klein, Dan and Manning, Christopher D},
  title = {Accurate unlexicalized parsing},
  booktitle = {Proceedings of the 41st Annual Meeting on Association for Computational
	Linguistics-Volume 1},
  year = {2003},
  pages = {423--430},
  organization = {Association for Computational Linguistics}
}

@PHDTHESIS{kollar:robotic,
  author = {Kollar, Thomas},
  title = {Learning to understand spatial language for robotic navigation and
	mobile manipulation},
  year = {2011},
  address = {Cambridge, MA, USA},
  note = {AAI0823797},
  advisor = {Roy, Nicholas},
  publisher = {Massachusetts Institute of Technology}
}

@INPROCEEDINGS{tellex:language,
  author = {Kollar, T. and Tellex, S. and Roy, D. and Roy, N.},
  title = {Toward understanding natural language directions},
  booktitle = {5th ACM/IEEE International Conference on Human-Robot Interaction},
  year = {2010},
  pages = {259--266},
  doi = {10.1109/HRI.2010.5453186},
  keywords = {computational linguistics;human-robot interaction;natural languages;probability;Flickr;cooccurrence
	statistics;human-robot interaction;linguistics;natural language;probabilistic
	graphical model;Computational geometry;Data mining;Graphical models;Human
	robot interaction;Image databases;Information geometry;Natural languages;Object
	detection;Object oriented databases;Statistics;direction understanding;route
	instructions;spatial language}
}

@INPROCEEDINGS{kolomiyets:semeval,
  author = {Kolomiyets, Oleksandr and Kordjamshidi, Parisa and Bethard, Steven
	and Moens, Marie-Francine},
  title = {SemEval-2013 Task 3: Spatial Role Labeling},
  booktitle = {Proceedings of the 7th International Workshop on Semantic Evaluation},
  year = {2013},
  volume = {2},
  pages = {255--262},
  address = {Atlanta, Georgia, USA},
  organization = {Association for Computational Linguistics}
}

@INPROCEEDINGS{parisa:semeval,
  author = {Kordjamshidi, Parisa and Bethard, Steven and Moens, Marie-Francine},
  title = {Sem{E}val-2012 {T}ask 3: Spatial Role Labeling},
  booktitle = {Proceedings of the {S}em{E}val-2012 Evaluation Exercises},
  year = {2012},
  organization = {Association for Computational Linguistics}
}

@ARTICLE{Kordjamshidi:labelling,
  author = {Kordjamshidi, Parisa and Van Otterlo, Martijn and Moens, Marie-Francine},
  title = {Spatial role labeling: Towards extraction of spatial relations from
	natural language},
  journal = {ACM Transactions on Speech and Language Processing},
  year = {2011},
  volume = {8},
  pages = {4:1--4:36},
  number = {3},
  acmid = {2050105},
  address = {New York, NY, USA},
  publisher = {ACM},
  url = {http://doi.acm.org/10.1145/2050104.2050105}
}

@INPROCEEDINGS{kordjamshidi:language,
  author = {Kordjamshidi, Parisa and Van Otterlo, Martijn and Moens, Marie-Francine},
  title = {From language towards formal spatial calculi},
  booktitle = {Workshop on Computational Models of Spatial Language Interpretation
	(CoSLI 2010)},
  year = {2010}
}

@ARTICLE{kuipers:modeling,
  author = {Kuipers, Benjamin},
  title = {Modeling spatial knowledge},
  journal = {Cognitive Science},
  year = {1978},
  volume = {2},
  pages = {129--153},
  number = {2},
  publisher = {Elsevier}
}

@ARTICLE{landau:and,
  author = {Landau, Barbara and Jackendoff, Ray},
  title = {``{W}hat'' and ``where'' in spatial language and spatial cognition},
  journal = {Behavioral and Brain Sciences},
  year = {1993},
  volume = {16},
  pages = {217--217},
  publisher = {Cambridge University Press}
}

@ARTICLE{levit:interpretation,
  author = {Levit, Michael and Roy, Deb},
  title = {Interpretation of spatial language in a map navigation task},
  journal = {Systems, Man, and Cybernetics, Part B: Cybernetics, IEEE Transactions
	on},
  year = {2007},
  volume = {37},
  pages = {667--679},
  number = {3},
  publisher = {IEEE}
}

@INPROCEEDINGS{Hanjing:route,
  author = {Li, Hanjingand and Zhao, Tiejunand and Li, Shengand and Zhao, Jiyuan},
  title = {The Extraction of Trajectories from Real Texts Based on Linear Classification},
  booktitle = {Proceedings of the 16th Nordic Conference of Computational Linguistics
	NODALIDA-2007},
  year = {2007},
  editor = {Nivre, Joakim and Kaalep, Heiki-Jaan and Muischnek, Kadri and Koit,
	Mare},
  pages = {121--127},
  address = {University of Tartu, Finland},
  url = {http://hdl.handle.net/10062/2562}
}

@ARTICLE{linde:spatial,
  author = {Linde, Charlotte and Labov, William},
  title = {Spatial networks as a site for the study of language and thought},
  journal = {Language},
  year = {1975},
  volume = {51},
  pages = {924--939},
  number = {4},
  publisher = {JSTOR}
}

@INPROCEEDINGS{litkowski:semeval,
  author = {Litkowski, Ken and Hargraves, Orin},
  title = {Sem{E}val-2007 {T}ask 06: Word-sense disambiguation of prepositions},
  booktitle = {Proceedings of the 4th International Workshop on Semantic Evaluations},
  year = {2007},
  pages = {24--29},
  organization = {Association for Computational Linguistics}
}

@MASTERSTHESIS{fei:locative,
  author = {Liu, Fei},
  title = {Automatic Identification of Locative Expressions from Informal Text},
  school = {University of Melbourne},
  year = {2013},
  address = {Australia},
  advisor = {Baldwin, Timothy and Vasardani, Maria},
  publisher = {University of Melbourne}
}

@INPROCEEDINGS{macmahon:walk,
  author = {Matt Macmahon},
  title = {Walk the talk: Connecting language, knowledge, and action in route
	instructions},
  booktitle = {In Proc. of the Nat. Conf. on Artificial Intelligence (AAAI},
  year = {2006},
  pages = {1475--1482}
}

@BOOK{mani:motion,
  title = {Interpreting Motion: Grounded Representations for Spatial Language},
  publisher = {Oxford University Press},
  year = {2012},
  author = {Mani, Inderjeet and Pustejovsky, James},
  volume = {5}
}

@MISC{marneffe:stanford,
  author = {de Marneffe, Marie-Catherine and Manning, Christopher D.},
  title = {Stanford typed dependencies manual},
  howpublished = {http://nlp.stanford.edu/software/dependencies\_manual.pdf},
  year = {2008}
}

@INPROCEEDINGS{matuszek:following,
  author = {Matuszek, Cynthia and Fox, Dieter and Koscher, Karl},
  title = {Following directions using statistical machine translation},
  booktitle = {Proceedings of the 5th ACM/IEEE International Conference on Human-Robot
	Interaction},
  year = {2010},
  pages = {251--258},
  organization = {IEEE Press}
}

@INPROCEEDINGS{olivier:semantics,
  author = {Olivier, Patrick and Tsujii, Jun-ichi},
  title = {A computational view of the cognitive semantics of spatial prepositions},
  booktitle = {Proceedings of the 32nd Annual Meeting of the Association for Computational
	Linguistics},
  year = {1994},
  pages = {303--309},
  organization = {Association for Computational Linguistics}
}

@INCOLLECTION{Richter:Prepositions,
  author = {Richter, Kai-Florian and Klippel, Alexander},
  title = {Before or After: Prepositions in Spatially Constrained Systems},
  booktitle = {Spatial Cognition V Reasoning, Action, Interaction},
  publisher = {Springer Berlin Heidelberg},
  year = {2007},
  editor = {Barkowsky, Thomas and Knauff, Markus and Ligozat, GÃÂ©rard and Montello,
	DanielR.},
  volume = {4387},
  series = {Lecture Notes in Computer Science},
  pages = {453-469},
  doi = {10.1007/978-3-540-75666-8_26},
  isbn = {978-3-540-75665-1},
  url = {http://dx.doi.org/10.1007/978-3-540-75666-8_26}
}

@PHDTHESIS{tappan:knowledge,
  author = {Tappan, Daniel Allen},
  title = {Knowledge-based spatial reasoning for automated scene generation
	from text descriptions},
  school = {New Mexico State University},
  year = {2004},
  address = {Las Cruces, NM, USA}
}

@INPROCEEDINGS{igor:annotations,
  author = {Tytyk, Igor and Baldwin, Tim},
  title = {Component-wise Annotation and Analysis of Informal Place Descriptions},
  booktitle = {International Workshop on Place-Related Knowledge Acquisition Research},
  year = {2012},
  editor = {Vasardani, Maria and Winter, Stephan and Richter, Kai-Florian and
	Janowicz, Krzysztof and Mackaness, William},
  volume = {881},
  series = {CEUR},
  pages = {7--12}
}

@INPROCEEDINGS{maria:descriptions,
  author = {Vasardani, Maria and Timpf, Sabine and Winter, Stephan and Tomko,
	Martin},
  title = {From descriptions to depictions: a conceptual framework},
  booktitle = {Spatial Information Theory},
  year = {2013},
  series = {Lecture Notes in Computer Science},
  address = {Berlin},
  publisher = {Springer}
}

@ARTICLE{xu:case,
  author = {Xu, Li D.},
  title = {Case based reasoning},
  journal = {IEEE Potentials},
  year = {1994},
  volume = {13},
  pages = {10--13},
  number = {5},
  publisher = {IEEE}
}

@ARTICLE{zlatev:semantics,
  author = {Zlatev, Jordan},
  title = {Spatial semantics},
  journal = {Handbook of Cognitive Linguistics},
  year = {2007},
  pages = {318--350}
}

@ARTICLE{zwarts:vector,
  author = {Zwarts, Joost and Winter, Yoad},
  title = {Vector space semantics: A model-theoretic analysis of locative prepositions},
  journal = {Journal of logic, language and information},
  year = {2000},
  volume = {9},
  pages = {169--211},
  number = {2},
  publisher = {Springer}
}

@MISC{tuw,
  title = {\textit{Tell Us Where}},
  howpublished = {http://telluswhere.net},
  note = {Location based mobile game}
}
@article{hornsby:conceptual,
  title={Conceptual framework for modeling dynamic paths from natural language expressions},
  author={Hornsby, Kathleen Stewart and Li, Naicong},
  journal={Transactions in GIS},
  volume={13},
  number={s1},
  pages={27--45},
  year={2009},
  publisher={Wiley Online Library}
}

@article{kracht:semantics,
  title={On the semantics of locatives},
  author={Kracht, Marcus},
  journal={Linguistics and Philosophy},
  volume={25},
  number={2},
  pages={157--232},
  year={2002},
  publisher={Springer}
}
